# <----------- INTRO -------------------->

@article{armstrongetal1983,
  title={What some concepts might not be},
  author={Armstrong, Sharon Lee and Gleitman, Lila R and Gleitman, Henry},
  journal={Cognition},
  volume={13},
  number={3},
  pages={263--308},
  year={1983},
  publisher={Elsevier}
}

@article{ulemanetal2008,
  title={Spontaneous {I}nferences, {I}mplicit {I}mpressions, and {I}mplicit {T}heories},
  author={Uleman, James S. and Adil Saribay, S. and Gonzalez, Celia M.},
  journal={Annu. Rev. Psychol.},
  volume={59},
  pages={329--360},
  year={2008},
  publisher={Annual Reviews},
  doi={10.1146/annurev.psych.59.103006.093707},
}

@article{guyeretal2019speech,
  title={Speech {R}ate, {I}ntonation, and {P}itch: {I}nvestigating the {B}ias and {C}ue {E}ffects of {V}ocal {C}onfidence on {P}ersuasion},
  author={Guyer, Joshua J and Fabrigar, Leandre R and Vaughan-Johnston, Thomas I},
  journal={Personality and Social Psychology Bulletin},
  volume={45},
  number={3},
  pages={389--405},
  year={2019},
  publisher={Sage Publications Sage CA: Los Angeles, CA},
  doi = {10.1177/0146167218787805},
}
@article{feinbergetal2005,
  title={Manipulations of fundamental and formant frequencies influence the attractiveness of human male voices},
  author={Feinberg, David R and Jones, Benedict C and Little, Anthony C and Burt, D Michael and Perrett, David I},
  journal={Animal behaviour},
  volume={69},
  number={3},
  pages={561--568},
  year={2005},
  publisher={Elsevier},
  doi={10.1016/j.anbehav.2004.06.012},
}

@article{pittamgallois198,
  title={Predicting {I}mpressions of {S}peakers from {V}oice {Q}uality: {A}coustic and {P}erceptual {M}easures},
  author={Pittam, Jeffery and Gallois, Cynthia},
  journal={Journal of Language and Social Psychology},
  volume={5},
  number={4},
  pages={233--247},
  year={1986},
  publisher={Sage Publications Sage CA: Los Angeles, CA},
  doi = {10.1177/0261927X8600500401},
}

@article{christenfeld1995,
    year = {1995},
    pages = {171--186},
    title = {Does it hurt to say um?},
    volume = {19},
    journal = {Journal of Nonverbal Behavior},
    publisher = {Springer},
    author = {Christenfeld, Nicholas},
    doi = {10.1007/BF02175503},
}

@article{gluszeketal2011,
  title={Social {P}sychological {O}rientations and {A}ccent {S}trength},
  author={Gluszek, Agata and Newheiser, Anna-Kaisa and Dovidio, John F},
  journal={Journal of Language and Social Psychology},
  volume={30},
  number={1},
  pages={28--45},
  year={2011},
  publisher={Sage Publications Sage CA: Los Angeles, CA},
  doi = {10.1177/0261927X10387100},
}

@article{nortonhogan1980,
    year = {1980},
    pages = {1085--1086},
    title = {Role of {N}onverbal {B}ehaviors in {S}ocial {J}udgments of {P}eers' {A}ssertiveness},
    number = {3\_suppl},
    volume = {46},
    journal = {Psychological Reports},
    publisher = {SAGE Publications Sage CA: Los Angeles, CA},
    author = {Norton-Ford, Julian D and Hogan, Douglas R},
    doi = {10.2466/pr0.1980.46.3c.1085},
}

@article{gluszekdovidio2010,
  title={The {W}ay {T}hey {S}peak: {A} {S}ocial {P}sychological {P}erspective on the {S}tigma of {N}onnative {A}ccents in {C}ommunication},
  author={Gluszek, Agata and Dovidio, John F},
  journal={Personality and social psychology review},
  volume={14},
  number={2},
  pages={214--237},
  year={2010},
  publisher={Sage Publications Sage CA: Los Angeles, CA},
  doi = {10.1177/108886830935928},
}

@article{rakicetal2011,
  title={When it matters how you pronounce it: The influence of regional accents on job interview outcome},
  author={Raki{\'c}, Tamara and Steffens, Melanie C and Mummendey, Am{\'e}lie},
  journal={British Journal of Psychology},
  volume={102},
  number={4},
  pages={868--883},
  year={2011},
  publisher={Wiley Online Library},
  doi = {10.1111/j.2044-8295.2011.02051.x},
}

@article{levarikeysar2010,
    doi = {10.1016/j.jesp.2010.05.025},
    year = {2010},
    month = {11},
    pages = {1093--1096},
    title = {Why don't we believe non-native speakers? {The influence of accent on credibility}},
    number = {6},
    volume = {46},
    journal = {Journal of Experimental Social Psychology},
    publisher = {Elsevier {BV}},
    author = {Shiri Lev-Ari and Boaz Keysar},
    doi = {10.1016/j.jesp.2010.05.025},
}

@article{jiangpell2016a,
  title={The feeling of another’s knowing: How “mixed messages” in speech are reconciled.},
  author={Jiang, Xiaoming and Pell, Marc D},
  journal={Journal of Experimental Psychology: Human Perception and Performance},
  volume={42},
  number={9},
  pages={1412},
  year={2016},
  publisher={American Psychological Association},
  doi = {10.1037/xhp0000240},
}

@article{jiangpell2015,
  title={On how the brain decodes vocal cues about speaker confidence},
  author={Jiang, Xiaoming and Pell, Marc D},
  journal={Cortex},
  volume={66},
  pages={9--34},
  year={2015},
  publisher={Elsevier},
  doi = {10.1016/j.cortex.2015.02.002},
}

@article{jiangpell2016b,
  title={Neural responses towards a speaker's feeling of (un) knowing},
  author={Jiang, Xiaoming and Pell, Marc D},
  journal={Neuropsychologia},
  volume={81},
  pages={79--93},
  year={2016},
  publisher={Elsevier},
  doi = {10.1016/j.neuropsychologia.2015.12.008},
}

@article{goupiletal2021,
  title={Listeners’ perceptions of the certainty and honesty of a speaker are associated with a common prosodic signature},
  author={Goupil, Louise and Ponsot, Emmanuel and Richardson, Daniel and Reyes, Gabriel and Aucouturier, Jean-Julien},
  journal={Nature communications},
  volume={12},
  number={1},
  pages={861},
  year={2021},
  publisher={Nature Publishing Group UK London},
  doi = {10.1038/s41467-020-20649-4},
}

@inproceedings{shribergetal1997,
    year = {1997},
    title = {A prosody only decision-tree model for disfluency detection},
    booktitle = {Fifth European Conference on Speech Communication and Technology},
    author = {Shriberg, Elizabeth E. and Bates, Rebecca and Stolcke, Andreas},
    doi = {10.21437/eurospeech.1997-626},
}

@article{shriberglickley1993,
    year = {1993},
    pages = {172--179},
    title = {Intonation of {C}lause-{I}nternal {F}illed {P}auses},
    number = {3},
    volume = {50},
    journal = {Phonetica},
    publisher = {De Gruyter Mouton},
    author = {Shriberg, Elizabeth E. and Lickley, Robin J.},
    doi = {10.1159/000261937},
}

@article{grosjeandeschamps1975,
    year = {1975},
    pages = {144--184},
    title = {Analyse contrastive des variables temporelles de l'anglais et du fran{\c{c}}ais: vitesse de parole et variables composantes, ph{\'e}nom{\'e}nes d'h{\'e}sitation},
    number = {3-4},
    volume = {31},
    journal = {Phonetica},
    publisher = {De Gruyter Mouton},
    author = {Grosjean, Fran{\c{c}}ois and Deschamps, Alain},
    doi = {10.1159/000259667},
}

@article{jiangpell2017,
  title={The sound of confidence and doubt},
  author={Jiang, Xiaoming and Pell, Marc D},
  journal={Speech Communication},
  volume={88},
  pages={106--126},
  year={2017},
  publisher={Elsevier},
  doi = {10.1016/j.specom.2017.01.011},
}

@article{brennanwilliams1995,
    year = {1995},
    pages = {383--398},
    title = {The {F}eeling of {A}nother's {K}nowing: {P}rosody and {F}illed {P}auses as {C}ues to {L}isteners about the {M}etacognitive {S}tates of {S}peakers},
    number = {3},
    volume = {34},
    journal = {Journal of Memory and Language},
    publisher = {Elsevier},
    author = {Brennan, Susan E. and Williams, Maurice},
    doi = {10.1177/0261927X10387100},
}

@article{smithclark1993,
  title={On the {C}ourse of {A}nswering {Q}uestions},
  author={Smith, Vicki L and Clark, Herbert H},
  journal={Journal of memory and language},
  volume={32},
  number={1},
  pages={25--38},
  year={1993},
  publisher={Elsevier},
  doi = {10.1006/jmla.1993.1002},
}

@article{dragojevicgiles2016,
    doi = {10.1111/hcre.12079},
  title={I {D}on't like {Y}ou Because {Y}ou're {H}ard to {U}nderstand: {T}he {R}ole of {P}rocessing {F}luency in the {L}anguage {A}ttitudes {P}rocess},
  author={Dragojevic, Marko and Giles, Howard},
  journal={Human Communication Research},
  volume={42},
  number={3},
  pages={396--420},
  year={2016},
  publisher={Oxford University Press Oxford, UK},
  doi = {10.1111/hcre.12079},
}

@article{levari2015,
    year = {2015},
    pages = {1546},
    title = {Comprehending non-native speakers: Theory and evidence for adjustment in manner of processing},
    volume = {5},
    journal = {Frontiers in Psychology},
    publisher = {Frontiers Media SA},
    author = {Lev-Ari, Shiri},
    doi = {10.3389/fpsyg.2014.01546},
}

@article{maihoffmann2014,
    doi = {10.1016/j.jcps.2013.09.004},
    url = {https://doi.org/10.1016\%2Fj.jcps.2013.09.004},
    year = {2013},
    month = {9},
    pages = {137--158},
    title = {Accents in Business Communication: An integrative model and propositions for future research},
    number = {1},
    volume = {24},
    journal = {Journal of Consumer Psychology},
    publisher = {Wiley},
    author = {Robert Mai and Stefan Hoffmann},
}

@article{caffarraetal2018,
    year = {2018},
    pages = {e0200939},
    title = {The impact of foreign accent on irony interpretation},
    number = {8},
    volume = {13},
    journal = {{PLoS} One},
    publisher = {Public Library of Science San Francisco, CA USA},
    author = {Caffarra, Sendy and Michell, Elissa and Martin, Clara D},
    doi = {10.1371/journal.pone.0200939},
}
@article{bazzietal2022,
    year = {2022},
    pages = {1--13},
    title = {The impact of foreign accent on irony and its consequences on social interaction},
    journal = {Journal of Multilingual and Multicultural Development},
    publisher = {Taylor \& Francis},
    author = {Bazzi, Luca and Brouwer, Susanne and Foucart, Alice},
    doi = {10.1080/01434632.2022.2126487},
}
@article{fairchildetal2020,
    year = {2020},
    pages = {104171},
    title = {Pragmatics and social meaning: Understanding under-informativeness in native and non-native speakers},
    volume = {200},
    journal = {Cognition},
    publisher = {Elsevier},
    author = {Fairchild, Sarah and Mathis, Ariel and Papafragou, Anna},
    doi = {10.1016/j.cognition.2019.104171},
}

@inproceedings{ippapafragou2022,
    year = {2022},
    title = {Integrating {N}on-{N}ative {S}peaker {I}dentity in {S}emantic and {P}ragmatic {P}rocessing},
    number = {44},
    volume = {44},
    booktitle = {Proceedings of the Annual Meeting of the Cognitive Science Society},
    author = {Ip, Martin Ho Kwan and Papafragou, Anna},
    doi = {escholarship.org/uc/item/1qk4z377},
}
@article{fairchildpapafragou2018,
    year = {2018},
    pages = {80--92},
    title = {Sins of omission are more likely to be forgiven in non-native speakers},
    volume = {181},
    journal = {Cognition},
    publisher = {Elsevier},
    author = {Fairchild, Sarah and Papafragou, Anna},
    doi = {10.1016/j.cognition.2018.08.010},
}
@article{lorenzonietal2022,
    year = {2022},
    pages = {103572},
    title = {Pragmatic and knowledge range lenience towards foreigners},
    volume = {226},
    journal = {Acta Psychologica},
    publisher = {Elsevier},
    author = {Lorenzoni, Anna and Pagliarini, Elena and Vespignani, Francesco and Navarrete, Eduardo},
    doi = {10.1016/j.actpsy.2022.103572},
}

@article{levarikeysar2012,
  title={Less-{D}etailed {R}epresentation of {N}on-{N}ative {L}anguage: {W}hy {N}on-{N}ative {S}peakers' {S}tories {S}eem {M}ore {V}ague},
  author={Lev-Ari, Shiri and Keysar, Boaz},
  journal={Discourse Processes},
  volume={49},
  number={7},
  pages={523--538},
  year={2012},
  publisher={Taylor \& Francis},
  doi = {10.1080/0163853X.2012.698493},
}

@article{hanulikovetal2012,
    doi = {10.1162/jocn_a_00103},
    url = {https://doi.org/10.1162\%2Fjocn_a_00103},
    year = {2012},
    month = {4},
    pages = {878--887},
    title = {When {O}ne {P}erson's {M}istake {I}s {A}nother's {S}tandard {U}sage: {T}he {E}ffect of {F}oreign {A}ccent on {S}yntactic {P}rocessing},
    number = {4},
    volume = {24},
    journal = {Journal of Cognitive Neuroscience},
    publisher = {{MIT} Press - Journals},
    author = {Adriana Hanu{\'i}kov{\'a} and Petra M. van Alphen and Merel M. van Goch and Andrea Weber},
}

@article{bergmannetal2015,
    year = {2015},
    pages = {25--35},
    title = {The impact of language co-activation on {L1} and {L2} speech fluency},
    volume = {161},
    journal = {Acta {Psychologica}},
    publisher = {Elsevier},
    author = {Bergmann, Christopher and Sprenger, Simone A and Schmid, Monika S},
    doi = {10.1016/j.actpsy.2015.07.015},
}

@article{gkalitsiouwerle2023,
  title={Speech disfluencies in bilingual {G}reek-{E}nglish young adults},
  author={Gkalitsiou, Zoi and Werle, Danielle},
  journal={Journal of Fluency Disorders},
  volume={78},
  pages={106001},
  year={2023},
  publisher={Elsevier},
  doi = {10.1016/j.jfludis.2023.106001},
}

@book{davies2003,
    doi = {10.21832/9781853596247},
    year = {2003},
    title = {The native speaker: Myth and reality},
    volume = {38},
    publisher = {Multilingual matters},
    author = {Davies, Alan},
}

@article{pingetetal2014,
    doi = {10.1177/026553221452},
    year = {2014},
    pages = {349--365},
    title = {Native speakers' perceptions of fluency and accent in {L2} speech},
    number = {3},
    volume = {31},
    journal = {Language Testing},
    publisher = {Sage Publications Sage UK: London, England},
    author = {Pinget, A. F. and Bosker, Hans Rutger and Quen{\'e}, Hugo and De Jong, Nivja H},
}

@article{arnoldetal2007,
    doi = {10.1037/0278-7393.33.5.914},
    url = {https://doi.org/10.1037\%2F0278-7393.33.5.914},
    year = {2007},
    pages = {914--930},
    title = {If you say thee uh you are describing something hard: The on-line attribution of disfluency during reference comprehension.},
    number = {5},
    volume = {33},
    journal = {Journal of Experimental Psychology: Learning, Memory, and Cognition},
    publisher = {American Psychological Association ({APA})},
    author = {Jennifer E. Arnold and Carla L. Hudson Kam and Michael K. Tanenhaus},
}

@article{boskeretal2014,
    doi = {10.1016/j.jml.2014.05.004},
    year = {2014},
    pages = {104--116},
    title = {Native `um's elicit prediction of low-frequency referents, but non-native `um's do not},
    volume = {75},
    journal = {Journal of Memory and Language},
    publisher = {Elsevier},
    author = {Bosker, Hans Rutger and Quen{\'e}, Hugo and Sanders, Ted and De Jong, Nivja H},
}

@article{barrseyfeddinipur2010,
    year = {2010},
    pages = {441--455},
    title = {The role of fillers in listener attributions for speaker disfluency},
    number = {4},
    volume = {25},
    journal = {Language and Cognitive Processes},
    publisher = {Taylor \& Francis},
    author = {Barr, Dale J and Seyfeddinipur, Mandana},
    doi = {10.1080/01690960903047122},
}

@article{helleretal2015,
    year = {2015},
    pages = {190--203},
    title = {Inferring {D}ifficulty: {F}lexibility in the {R}eal-time {P}rocessing of {D}isfluency},
    number = {2},
    volume = {58},
    journal = {Language and Speech},
    publisher = {Sage Publications Sage UK: London, England},
    author = {Heller, Daphna and Arnold, Jennifer E and Klein, Natalie and Tanenhaus, Michael K},
    doi = {10.1177/0023830914528107},
}

@article{caballeropell2020,
  doi = {10.1037/dec0000140},
  title={Implicit effects of speaker accents and vocally-expressed confidence on decisions to trust},
  author={Caballero, Jonathan A and Pell, Marc D},
  journal={Decision},
  volume={7},
  number={4},
  pages={314},
  year={2020},
  publisher={Educational Publishing Foundation}
}

@article{jiangetal2019,
    doi = {10.1177/1747021819865833},
    year = {2019},
    month = {8},
    pages = {55--79},
    title = {To believe or not to believe? {How voice and accent information in speech alter listener impressions of trust}},
    number = {1},
    volume = {73},
    journal = {Quarterly Journal of Experimental Psychology},
    publisher = {{SAGE} Publications},
    author = {Xiaoming Jiang and Kira Gossack-Keenan and Marc D Pell},
}

@article{matzingeretal2023,
  doi = {10.3390/languages8010026},
  title={Pause {L}ength and {D}ifferences in {C}ognitive {S}tate {A}ttribution in {N}ative and {N}on-{N}ative {S}peakers},
  author={Matzinger, Theresa and Pleyer, Michael and {\.Z}ywiczy{\'n}ski, Przemys{\l}aw},
  journal={Languages},
  volume={8},
  number={1},
  pages={26},
  year={2023},
  publisher={MDPI}
}

@article{greenwaldetal2002,
  title={A unified theory of implicit attitudes, stereotypes, self-esteem, and self-concept.},
  author={Greenwald, Anthony G and Banaji, Mahzarin R and Rudman, Laurie A and Farnham, Shelly D and Nosek, Brian A and Mellott, Deborah S},
  journal={Psychological review},
  volume={109},
  number={1},
  pages={3},
  year={2002},
  publisher={American Psychological Association},
  doi = {10.1037/0033-295X.109.1.3}
}

@article{paynehannay2021,
  title={Implicit bias reflects systemic racism},
  author={Payne, B Keith and Hannay, Jason W},
  journal={Trends in cognitive sciences},
  volume={25},
  number={11},
  pages={927--936},
  year={2021},
  publisher={Elsevier},
  doi = {10.1016/j.tics.2021.08.001},
}

@article{mcconellleibold2001,
  title={{R}elations among the {I}mplicit {A}ssociation {T}est, {D}iscriminatory {B}ehavior, and {E}xplicit {M}easures of {R}acial {A}ttitudes},
  author={McConnell, Allen R and Leibold, Jill M},
  journal={Journal of experimental Social psychology},
  volume={37},
  number={5},
  pages={435--442},
  year={2001},
  publisher={Elsevier},
  doi = {10.1006/jesp.2000.1470}
}

@unpublished{butterworth2019,
    author = {Butterworth, Hannah},
    title = {How much do they, um, know?: Disfluencies in Speech as Cues to Speakers' Knowledge.},
    school = {University of Edinburgh},
    year = {2019},
    note = {Unpublished MA thesis}
}

@article{boduchlevari2021,
    doi = {10.1111/cogs.13064},
    year = {2021},
    pages = {e13064},
    title = {Exposing {I}ndividuals to {F}oreign {A}ccent {I}ncreases their {T}rust in {W}hat {N}onnative {S}peakers {S}ay},
    number = {11},
    volume = {45},
    journal = {Cognitive science},
    publisher = {Wiley Online Library},
    author = {Boduch-Grabka, Katarzyna and Lev-Ari, Shiri},
}

@article{foucarthartsuiker2021,
  title={Are foreign-accented speakers that 'incredible'? The impact of the speaker's indexical properties on sentence processing},
  author={Foucart, Alice and Hartsuiker, Robert J},
  journal={Neuropsychologia},
  volume={158},
  pages={107902},
  year={2021},
  publisher={Elsevier},
  doi = {10.1016/j.neuropsychologia.2021.107902},
}

@article{stocker2017 ,
  title={The {I}mpact of {F}oreign {A}ccent on {C}redibility: {A}n {A}nalysis of {C}ognitive {S}tatement {R}atings in a {S}wiss {C}ontext},
  author={Stocker, Ladina},
  journal={Journal of Psycholinguistic Research},
  volume={46},
  pages={617--628},
  year={2017},
  publisher={Springer},
  doi = {10.1007/s10936-016-9455-x},
}

@article{wetzeletal2021,
  title={Do non-native and unfamiliar accents sound less credible? An examination of the processing fluency hypothesis},
  author={Wetzel, Mathis and Zufferey, Sandrine and Gygax, Pascal},
  journal={Journal of articles in support of the null hypothesis},
  volume={17},
  number={2},
  year={2021},
  doi = {	10.48350/152025},
}

@article{barlowetal2024,
  doi={10.1017/S0272263124000123},
  author={Barlow, Samantha and Beardsley, Greg and Bsharah, Zéta and Crofts, Robin and De La Rosa, Carlos and Gutierrez, Andrea and Highfill, Carlie and Johnson, Amy Gail Wade and Johnson, Caroline and Johnson, Jacob and et al.}, 
  title={The effects of exposure and explicit stereotypes on veracity judgments of {P}olish-accented {E}nglish speech: A preregistered close replication and extension of {B}oduch-{G}rabka \& {L}ev-{A}ri (2021)},
  journal={Studies in Second Language Acquisition},
  pages={1--17},
  year={2024},
  publisher={Cambridge University Press}
}

@inproceedings{souzamarkman2013,
  title={Foreign accent does not influence cognitive judgments},
  author={Souza, Andr{\'e} L and Markman, Arthur B},
  booktitle={Proceedings of the annual meeting of the cognitive science society},
  volume={35},
  number={35},
  year={2013},
  doi = {escholarship.org/uc/item/8hd9v4ff},
}

# <---------- METHODS ------------------->


@article{jatos,
  title={"{J}ust another tool for online studies” (JATOS): An easy solution for setup and management of web servers supporting online studies},
  author={Lange, Kristian and K{\"u}hn, Simone and Filevich, Elisa},
  journal={PloS one},
  volume={10},
  number={6},
  pages={e0130834},
  year={2015},
  publisher={Public Library of Science San Francisco, CA USA},
doi = {10.1371/journal.pone.0130834}
}

@article{jspsych,
  title={jsPsych: Enabling an open-source collaborative ecosystem of behavioral experiments},
  author={de Leeuw, Joshua R and Gilbert, Rebecca A and Luchterhandt, Bj{\"o}rn},
  journal={Journal of Open Source Software},
  volume={8},
  number={85},
  pages={5351},
  year={2023},
    doi = {10.21105/joss.05351.}
}

@article{boskeretal2014b,
  title    = "The perception of fluency in native and nonnative speech",
  author   = "Bosker, Hans Rutger and Quen{\'e}, Hugo and Sanders, Ted and de
              Jong, Nivja H",
  abstract = "Where native speakers supposedly are fluent by default, nonnative
              speakers often have to strive hard to achieve a nativelike
              fluency level. However, disfluencies (such as pauses, fillers,
              repairs, etc.) occur in both native and nonnative speech and it
              is as yet unclear how fluency raters weigh the fluency
              characteristics of native and nonnative speech. Two rating
              experiments compared the way raters assess the fluency of native
              and nonnative speech. The fluency characteristics were controlled
              by using phonetic manipulations in pause (Experiment 1) and speed
              characteristics (Experiment 2). The results show that the ratings
              of manipulated native and nonnative speech were affected in a
              similar fashion. This suggests that there is no difference in the
              way listeners weigh the fluency characteristics of native and
              nonnative speakers. \copyright{} 2014 Language Learning Research
              Club, University of Michigan.",
  journal  = "Lang. Learn.",
  volume   =  64,
  number   =  3,
  pages    = "579--614",
  year     =  2014,
  keywords = "Disfluencies; Fluency; Hesitations; Nonnative speech; Phonetic
              manipulations",
doi = {10.1111/lang.12067}
}

@article{foucartetal2020,
    doi = {10.1111/lang.12413},
    year = {2020},
    pages = {974--1016},
    title = {Foreignness or processing {fluency? On} understanding the negative bias toward foreign-accented speakers},
    number = {4},
    volume = {70},
    journal = {Language Learning},
    publisher = {Wiley Online Library},
    author = {Foucart, Alice and Costa, Albert and Mor{\'i}s-Fern{\'a}ndez, Luis and Hartsuiker, Robert J},
}

# <----------- R & STATS ---------------->


@article{debruinebarr2021,
    doi = {10.1177/251524592096511},
  title={Understanding mixed-effects models through data simulation},
  author={DeBruine, Lisa M and Barr, Dale J},
  journal={Advances in Methods and Practices in Psychological Science},
  volume={4},
  number={1},
  pages={2515245920965119},
  year={2021},
  publisher={Sage Publications Sage CA: Los Angeles, CA}
}

@article{barretal2013,
    doi = {10.1016/j.jml.2012.11.001},
  title={Random effects structure for confirmatory hypothesis testing: Keep it maximal},
  author={Barr, Dale J and Levy, Roger and Scheepers, Christoph and Tily, Harry J},
  journal={Journal of memory and language},
  volume={68},
  number={3},
  pages={255--278},
  year={2013},
  publisher={Elsevier}
}

@Manual{R-base,
  title = {R: A Language and Environment for Statistical Computing},
  author = {{R Core Team}},
  organization = {R Foundation for Statistical Computing},
  address = {Vienna, Austria},
  year = {2024},
  url = {https://www.R-project.org/},
}
@Manual{R-papaja,
  title = {{papaja}: {Prepare} reproducible {APA} journal articles with {R Markdown}},
  author = {Frederik Aust and Marius Barth},
  year = {2023},
  note = {R package version 0.1.2},
  url = {https://github.com/crsh/papaja},
}
@Manual{R-tinylabels,
  title = {{tinylabels}: Lightweight Variable Labels},
  author = {Marius Barth},
  year = {2023},
  note = {R package version 0.2.4},
  url = {https://cran.r-project.org/package=tinylabels},
}

@article{lme4,
    title = {Fitting Linear Mixed-Effects Models Using {lme4}},
    author = {Douglas Bates and Martin M{\"a}chler and Ben Bolker and Steve Walker},
    journal = {Journal of Statistical Software},
    year = {2015},
    volume = {67},
    number = {1},
    pages = {1--48},
    doi = {10.18637/jss.v067.i01},
  }

@article{tidyverse,
    title = {Welcome to the {tidyverse}},
    author = {Hadley Wickham and Mara Averick and Jennifer Bryan and Winston Chang and Lucy D'Agostino McGowan and Romain François and Garrett Grolemund and Alex Hayes and Lionel Henry and Jim Hester and Max Kuhn and Thomas Lin Pedersen and Evan Miller and Stephan Milton Bache and Kirill Müller and Jeroen Ooms and David Robinson and Dana Paige Seidel and Vitalie Spinu and Kohske Takahashi and Davis Vaughan and Claus Wilke and Kara Woo and Hiroaki Yutani},
    year = {2019},
    journal = {Journal of Open Source Software},
    volume = {4},
    number = {43},
    pages = {1686},
    doi = {10.21105/joss.01686},
  }

@book{ggplot2,
    author = {Hadley Wickham},
    title = {ggplot2: Elegant Graphics for Data Analysis},
    publisher = {Springer-Verlag New York},
    year = {2016},
    isbn = {978-3-319-24277-4},
    url = {https://ggplot2.tidyverse.org},
  }

@Manual{wesanderson,
  title = {wesanderson: A Wes Anderson Palette Generator},
  author = {Ram, Karthik and Wickham, Hadley},
  year = {2023},
  note = {R package version 0.3.7},
  url = {https://CRAN.R-project.org/package=wesanderson},
}

# <------------ DISCUSSION -------------->

@article{dejongetal2015,
  title={Second language fluency: {S}peaking style or proficiency{?} {C}orrecting measures of second language fluency for first language behavior},
  author={De Jong, Nivja H and Groenhout, Rachel and Schoonen, Rob and Hulstijn, Jan H},
  journal={Applied Psycholinguistics},
  volume={36},
  number={2},
  pages={223--243},
  year={2015},
  publisher={Cambridge University Press},
  doi = {10.1017/S0142716413000210},
}

@article{derwingetal2009,
  title={The relationship between L1 fluency and L2 fluency development},
  author={Derwing, Tracey M and Munro, Murray J and Thomson, Ronald I and Rossiter, Marian J},
  journal={Studies in Second Language Acquisition},
  volume={31},
  number={4},
  pages={533--557},
  year={2009},
  publisher={Cambridge University Press},
  doi = {10.1017/S0272263109990015},
}

@inproceedings{moletal2013,
  title={Beliefs about a speaker affect feeling of another's knowing},
  author={Mol, Lisette and Kuhlen, Anna and Van der Steen, Ruben and Obbens, Mike},
  booktitle={Proceedings of the Annual Meeting of the Cognitive Science Society},
  volume={35},
  number={35},
  year={2013},
  doi = {escholarship.org/uc/item/8w03w4ch},
}
@Manual{R-dplyr,
  title = {dplyr: A Grammar of Data Manipulation},
  author = {Hadley Wickham and Romain François and Lionel Henry and Kirill Müller and Davis Vaughan},
  year = {2023},
  note = {R package version 1.1.4},
  url = {https://CRAN.R-project.org/package=dplyr},
}
@Manual{R-forcats,
  title = {forcats: Tools for Working with Categorical Variables (Factors)},
  author = {Hadley Wickham},
  year = {2023},
  note = {R package version 1.0.0},
  url = {https://CRAN.R-project.org/package=forcats},
}
@Book{R-ggplot2,
  author = {Hadley Wickham},
  title = {ggplot2: Elegant Graphics for Data Analysis},
  publisher = {Springer-Verlag New York},
  year = {2016},
  isbn = {978-3-319-24277-4},
  url = {https://ggplot2.tidyverse.org},
}
@Manual{R-gt,
  title = {gt: Easily Create Presentation-Ready Display Tables},
  author = {Richard Iannone and Joe Cheng and Barret Schloerke and Ellis Hughes and Alexandra Lauer and JooYoung Seo},
  year = {2024},
  note = {R package version 0.10.1},
  url = {https://CRAN.R-project.org/package=gt},
}
@Article{R-gtsummary,
  author = {Daniel D. Sjoberg and Karissa Whiting and Michael Curry and Jessica A. Lavery and Joseph Larmarange},
  title = {Reproducible Summary Tables with the gtsummary Package},
  journal = {{The R Journal}},
  year = {2021},
  url = {https://doi.org/10.32614/RJ-2021-053},
  doi = {10.32614/RJ-2021-053},
  volume = {13},
  issue = {1},
  pages = {570-580},
}
@Article{R-lme4,
  title = {Fitting Linear Mixed-Effects Models Using {lme4}},
  author = {Douglas Bates and Martin M{\"a}chler and Ben Bolker and Steve Walker},
  journal = {Journal of Statistical Software},
  year = {2015},
  volume = {67},
  number = {1},
  pages = {1--48},
  doi = {10.18637/jss.v067.i01},
}
@Article{R-lubridate,
  title = {Dates and Times Made Easy with {lubridate}},
  author = {Garrett Grolemund and Hadley Wickham},
  journal = {Journal of Statistical Software},
  year = {2011},
  volume = {40},
  number = {3},
  pages = {1--25},
  url = {https://www.jstatsoft.org/v40/i03/},
}
@Manual{R-Matrix,
  title = {Matrix: Sparse and Dense Matrix Classes and Methods},
  author = {Douglas Bates and Martin Maechler and Mikael Jagan},
  year = {2024},
  note = {R package version 1.7-0},
  url = {https://CRAN.R-project.org/package=Matrix},
}
@Manual{R-purrr,
  title = {purrr: Functional Programming Tools},
  author = {Hadley Wickham and Lionel Henry},
  year = {2023},
  note = {R package version 1.0.2},
  url = {https://CRAN.R-project.org/package=purrr},
}
@Manual{R-readr,
  title = {readr: Read Rectangular Text Data},
  author = {Hadley Wickham and Jim Hester and Jennifer Bryan},
  year = {2024},
  note = {R package version 2.1.5},
  url = {https://CRAN.R-project.org/package=readr},
}
@Manual{R-stringr,
  title = {stringr: Simple, Consistent Wrappers for Common String Operations},
  author = {Hadley Wickham},
  year = {2023},
  note = {R package version 1.5.1},
  url = {https://CRAN.R-project.org/package=stringr},
}
@Manual{R-tibble,
  title = {tibble: Simple Data Frames},
  author = {Kirill Müller and Hadley Wickham},
  year = {2023},
  note = {R package version 3.2.1},
  url = {https://CRAN.R-project.org/package=tibble},
}
@Manual{R-tidyr,
  title = {tidyr: Tidy Messy Data},
  author = {Hadley Wickham and Davis Vaughan and Maximilian Girlich},
  year = {2024},
  note = {R package version 1.3.1},
  url = {https://CRAN.R-project.org/package=tidyr},
}
@Article{R-tidyverse,
  title = {Welcome to the {tidyverse}},
  author = {Hadley Wickham and Mara Averick and Jennifer Bryan and Winston Chang and Lucy D'Agostino McGowan and Romain François and Garrett Grolemund and Alex Hayes and Lionel Henry and Jim Hester and Max Kuhn and Thomas Lin Pedersen and Evan Miller and Stephan Milton Bache and Kirill Müller and Jeroen Ooms and David Robinson and Dana Paige Seidel and Vitalie Spinu and Kohske Takahashi and Davis Vaughan and Claus Wilke and Kara Woo and Hiroaki Yutani},
  year = {2019},
  journal = {Journal of Open Source Software},
  volume = {4},
  number = {43},
  pages = {1686},
  doi = {10.21105/joss.01686},
}
@Manual{R-here,
  title = {here: A Simpler Way to Find Your Files},
  author = {Kirill Müller},
  year = {2020},
  note = {R package version 1.0.1},
  url = {https://CRAN.R-project.org/package=here},
}
@Manual{R-wesanderson,
  title = {wesanderson: A Wes Anderson Palette Generator},
  author = {Karthik Ram and Hadley Wickham},
  year = {2023},
  note = {R package version 0.3.7},
  url = {https://CRAN.R-project.org/package=wesanderson},
}
@Manual{R-emmeans,
  title = {emmeans: Estimated Marginal Means, aka Least-Squares Means},
  author = {Russell V. Lenth},
  year = {2024},
  note = {R package version 1.10.3},
  url = {https://CRAN.R-project.org/package=emmeans},
}
@Article{R-lmerTest,
  title = {{lmerTest} Package: Tests in Linear Mixed Effects Models},
  author = {Alexandra Kuznetsova and Per B. Brockhoff and Rune H. B. Christensen},
  journal = {Journal of Statistical Software},
  year = {2017},
  volume = {82},
  number = {13},
  pages = {1--26},
  doi = {10.18637/jss.v082.i13},
}
@Article{R-optimx_a,
  title = {Unifying Optimization Algorithms to Aid Software System Users: {optimx} for {R}},
  author = {John C. Nash and Ravi Varadhan},
  journal = {Journal of Statistical Software},
  year = {2011},
  volume = {43},
  number = {9},
  pages = {1--14},
  doi = {10.18637/jss.v043.i09},
}
@Article{R-optimx_b,
  title = {On Best Practice Optimization Methods in {R}},
  author = {{John C. Nash}},
  journal = {Journal of Statistical Software},
  year = {2014},
  volume = {60},
  number = {2},
  pages = {1--14},
  doi = {10.18637/jss.v060.i02},
}
@Manual{R-psych,
  title = {psych: Procedures for Psychological, Psychometric, and Personality Research},
  author = {{William Revelle}},
  organization = {Northwestern University},
  address = {Evanston, Illinois},
  year = {2024},
  note = {R package version 2.4.6},
  url = {https://CRAN.R-project.org/package=psych},
}
@Manual{R-sjPlot,
  title = {sjPlot: Data Visualization for Statistics in Social Science},
  author = {Daniel Lüdecke},
  year = {2024},
  note = {R package version 2.8.16},
  url = {https://CRAN.R-project.org/package=sjPlot},
}
@Manual{R-webshot2,
  title = {webshot2: Take Screenshots of Web Pages},
  author = {Winston Chang},
  year = {2023},
  note = {R package version 0.1.1},
  url = {https://CRAN.R-project.org/package=webshot2},
}
